@Book{Maltoni_book_2009,
  author    = {Davide Maltoni and
               Dario Maio and
               Anil K. Jain and
               Salil Prabhakar},
  title     = {Handbook of Fingerprint Recognition},
  publisher = {Springer},
  year      = {2009},
  edition   = {2} 
}

@article{Wong_IET_2013,
  author    = {Yongkang Wong and Mehrtash T. Harandi and Conrad Sanderson},
  title     = {On robust face recognition via sparse coding: the good, the bad and the ugly},
  journal   = {{IET} Biometrics},
  year      = {(in press)}
}

@inproceedings{Cho_AVSS_2009,
  author    = {Shung Han Cho and
               Sangjin Hong and
               Yunyoung Nam},
  title     = {Association and Identification in Heterogeneous Sensors Environment with Coverage Uncertainty},
  booktitle = {{IEEE} International Conference on Advanced Video and Signal Based Surveillance},
  year      = {2009},
  pages     = {553-558},
  ee        = {http://dx.doi.org/10.1109/AVSS.2009.86}
}

@techreport{LFW_Tech_2007,
  author      = "Gary B. Huang and 
                 Manu Ramesh and 
                 Tamara Berg and 
                 Erik Learned-Miller",
  title       = "{L}abeled {F}aces in the {W}ild: A Database for Studying Face Recognition in Unconstrained Environments",
  institution = "University of Massachusetts, Amherst",
  year        = "2007",
  number      = "07-49",
  month       = "October"
}